% Encoding: UTF-8

@Book{Alfen2020,
  author  = {Alfen},
  date    = {2020-10-30},
  title   = {Modbus Slave TCP/IP},
  url     = {https://alfen.com/file-download/download/public/1610},
  urldate = {2023-12-10},
}

@Manual{Siemens2022,
  author  = {Siemens},
  date    = {2022-12-01},
  title   = {Siemens 7KM Power Monitoring Device PAC 2200},
  url     = {https://cache.industry.siemens.com/dl/files/835/109746835/att_1123515/v2/MAN_L1V30415167B-06_en_en-US.pdf},
  urldate = {2024-03-22},
}

@Dataset{Alfen2023,
  author  = {Alfen},
  date    = {2023-10-01},
  title   = {Datasheet - Eve Single S-line and Pro-line},
  url     = {https://alfen.com/nl-be/file-download/download/public/2753},
  urldate = {2024-03-22},
}

@Comment{jabref-meta: databaseType:biblatex;}
