@Online{NI2023,
  author  = {NI},
  date    = {2023-03-31},
  title   = {What is the Modbus Protocol and How Does It Work?},
  url     = {https://www.ni.com/en/shop/seamlessly-connect-to-third-party-devices-and-supervisory-system/the-modbus-protocol-in-depth.html},
  urldate = {2023-12-10},
}

@Book{Alfen2020,
  author  = {Alfen},
  date    = {2020-10-30},
  title   = {Modbus Slave TCP/IP},
  url     = {https://alfen.com/file-download/download/public/1610},
  urldate = {2023-12-10},
}

@Book{solarinverters2016,
  author  = {ABB solar inverters},
  date    = {2016-02-11},
  title   = {Modbus RTU Register Map},
  url     = {https://library.e.abb.com/public/c4f8b5d142a7488da678076c3ae01caf/Modbus_RTU_register_map_for_TRIO-20.0(27.6)-TL-OUTD_Revision_1.6.pdf},
  urldate = {2023-12-10},
}

@Comment{jabref-meta: databaseType:biblatex;}
